@manual{Anleitung,
  author = {TU Dortmund},
  title = {Temperaturabhängigkeit der Molwärme von Festkörpern},
  URL={http://129.217.224.2/HOMEPAGE/PHYSIKER/BACHELOR/FP/SKRIPT/V47.pdf},
  year = 2014
}
@misc{Lohschmidt ,
  author =  "National Institute of Standards and Technology",
  title = "Loschmidt constant",
  year = "2004 ",
  url = "https://physics.nist.gov/cgi-bin/cuu/Value?n0std",
  note = "Stand: 11.01.18 "
  }
  @misc{Gaskonst,
    author =  "National Institute of Standards and Technology",
    title = "molar gas constant",
    year = "2004 ",
    url = "https://physics.nist.gov/cgi-bin/cuu/Value?r",
    note = "Stand: 11.01.18 "
    }
