@manual{Anleitung,
  author = {TU Dortmund},
  title = {Versuch zum Literaturverzeichnis},
  year = 2014,
  URL = {http://129.217.224.2/HOMEPAGE/PHYSIKER/BACHELOR/FP/SKRIPT/V27.pdf}
}
