@manual{Anleitung,
  author = {TU Dortmund},
  title = {Versuchsanleitung: Lebensdauer der Myonen},
  URL={http://129.217.224.2/HOMEPAGE/PHYSIKER/BACHELOR/FP/SKRIPT/V01.pdf},
  year = 2014
}
@manual{Lebensdauer,
  author = {C. Patrignani et al. (Particle Data Group)},
  title = {list muon},
  URL={http://pdg.lbl.gov/2017/listings/rpp2017-list-muon.pdf},
  year = 2017
}
