@manual{Anleitung,
  author = {TU Dortmund},
  title = {Faradayeffekt an Halbleitern},
  URL={http://129.217.224.2/HOMEPAGE/PHYSIKER/BACHELOR/FP/SKRIPT/V46.pdf},
  year = 2014
}
