@manual{Anleitung,
  author = {TU Dortmund},
  title = {Versuch zum Literaturverzeichnis},
  year = 2014
}
@misc{pfeiffer,
   author = "Pfeiffer Vacuum GmbH",
   title = "Know-how",
   year = "2017",
   url = "https://www.pfeiffer-vacuum.com/de/know-how/",
   note = "[Online; Stand 15. Dezember 2017]"
 }
@misc{wiki:IG,
   author = "Wikipedia",
   title = "Ideales Gas --- Wikipedia{,} Die freie Enzyklopädie",
   year = "2017",
   url = "https://de.wikipedia.org/w/index.php?title=Ideales_Gas&oldid=167731304",
   note = "[Online; Stand 15. Dezember 2017]"
}
@misc{wiki:ads,
  author = "Wikipedia",
  title = "Adsorption --- Wikipedia{,} Die freie Enzyklopädie",
  year = "2017",
  url = "https://de.wikipedia.org/w/index.php?title=Adsorption&oldid=171233017",
  note = "[Online; Stand 17. Dezember 2017]"
}

@misc{wiki:dif,
   author = "Wikipedia",
   title = "Diffusion --- Wikipedia{,} Die freie Enzyklopädie",
   year = "2017",
   url = "https://de.wikipedia.org/w/index.php?title=Diffusion&oldid=171726169",
   note = "[Online; Stand 17. Dezember 2017]"
 }
@misc{wiki:abs,
   author = "Wikipedia",
   title = "Absorption (Chemie) --- Wikipedia{,} Die freie Enzyklopädie",
   year = "2017",
   note = "[Online; Stand 17. Dezember 2017]"
 }
@misc{wiki:vl,
   author = "Wikipedia",
   title = "Virtuelles Leck --- Wikipedia{,} Die freie Enzyklopädie",
   year = "2016",
   url = "https://de.wikipedia.org/w/index.php?title=Virtuelles_Leck&oldid=154283058",
   note = "[Online; Stand 17. Dezember 2017]"
 }
@misc{wiki:tm,
   author = "Liquidat",
   title = "Eigenes Werk", 
   howpublished ="CC BY-SA 3.0" ,
   url = "https://commons.wikimedia.org/w/index.php?curid=439595"
}
